!TRNS	TRNSID	TRNSTYPE	DATE	ACCNT	NAME	CLASS	AMOUNT	DOCNUM	MEMO	CLEAR	TOPRINT	ADDR1	ADDR2	ADDR3	ADDR4	ADDR5	SADDR1	SADDR2	SADDR3	SADDR4	SADDR5	DUEDATE	TERMS	PAID	PAYMETH	SHIPDATE	REP	PONUM	INVTITLE	INVMEMO
!SPL	SPLID	TRNSTYPE	DATE	ACCNT	NAME	CLASS	AMOUNT	DOCNUM	MEMO	CLEAR	QNTY	PRICE	INVITEM	PAYMETH	TAXABLE	REIMBEXP	EXTRA
!ENDTRNS
TRNS	12345	BILL	3/14/1984	Accounts Payable	EZ		-300	12345		N
SPL	1	BILL	3/14/1984	Payable	CMA		300		foo		3	150	Base Rate
ENDTRNS
